@inproceedings{PersistentUF,
 author = {Conchon, Sylvain and Filli\^{a}tre, Jean-Christophe},
 title = {A Persistent Union-find Data Structure},
 booktitle = {Proceedings of the 2007 Workshop on Workshop on ML},
 series = {ML '07},
 year = {2007},
 isbn = {978-1-59593-676-9},
 location = {Freiburg, Germany},
 pages = {37--46},
 numpages = {10},
 url = {http://doi.acm.org/10.1145/1292535.1292541},
 doi = {10.1145/1292535.1292541},
 acmid = {1292541},
 publisher = {ACM},
 address = {New York, NY, USA},
 keywords = {formal verification, persistence, union-find},
},


@Inbook{ExplainUF,
author="Nieuwenhuis, Robert
and Oliveras, Albert",
editor="Giesl, J{\"u}rgen",
title="Proof-Producing Congruence Closure",
bookTitle="Term Rewriting and Applications: 16th International Conference, RTA 
2005, Nara, Japan, April 19-21, 2005. Proceedings",
year="2005",
publisher="Springer Berlin Heidelberg",
address="Berlin, Heidelberg",
pages="453--468",
isbn="978-3-540-32033-3",
doi="10.1007/978-3-540-32033-3_33",
url="http://dx.doi.org/10.1007/978-3-540-32033-3_33"
},
